<?xml version="1.0" encoding="UTF-8"?>
<collection xmlns:xsi="http://www.w3.org/2001/XMLSchema-instance" xsi:schemaLocation="http://www.loc.gov/MARC21/slim http://www.loc.gov/standards/marcxml/schema/MARC21slim.xsd" xmlns="http://www.loc.gov/MARC21/slim">
<record>
  <leader>02242cam a2200457Ma 4500</leader>
  <controlfield tag="001">867051</controlfield>
  <controlfield tag="003">NNC</controlfield>
  <controlfield tag="005">20141222134457.0</controlfield>
  <controlfield tag="008">891009s1910    ua            000 0 arard</controlfield>
  <datafield tag="016" ind1="7" ind2=" ">
    <subfield code="a">101294172</subfield>
    <subfield code="2">DNLM</subfield>
  </datafield>
  <datafield tag="019" ind1=" " ind2=" ">
    <subfield code="a">83259871</subfield>
  </datafield>
  <datafield tag="035" ind1=" " ind2=" ">
    <subfield code="9">AES0528CU</subfield>
  </datafield>
  <datafield tag="035" ind1=" " ind2=" ">
    <subfield code="a">(OCoLC)ocm29298886</subfield>
  </datafield>
  <datafield tag="035" ind1=" " ind2=" ">
    <subfield code="a">(OCoLC)29298886</subfield>
    <subfield code="z">(OCoLC)83259871</subfield>
  </datafield>
  <datafield tag="035" ind1=" " ind2=" ">
    <subfield code="a">(NNC)867051</subfield>
  </datafield>
  <datafield tag="040" ind1=" " ind2=" ">
    <subfield code="a">RBN</subfield>
    <subfield code="b">eng</subfield>
    <subfield code="c">RBN</subfield>
    <subfield code="d">OCL</subfield>
    <subfield code="d">NLM</subfield>
    <subfield code="d">IUL</subfield>
    <subfield code="d">HLS</subfield>
    <subfield code="d">OCLCQ</subfield>
    <subfield code="d">IUL</subfield>
    <subfield code="d">OCLCF</subfield>
    <subfield code="d">OCLCQ</subfield>
  </datafield>
  <datafield tag="050" ind1=" " ind2="4">
    <subfield code="a">BP166</subfield>
    <subfield code="b">.M316</subfield>
  </datafield>
  <datafield tag="060" ind1="0" ind2="0">
    <subfield code="a">WZ 292</subfield>
    <subfield code="b">M233 1910</subfield>
  </datafield>
  <datafield tag="245" ind1="0" ind2="0">
    <subfield code="6">880-01</subfield>
    <subfield code="a">Hādhihi majmūʻat al-rasāʼil /</subfield>
    <subfield code="c">[jamaʻaha] Muḥyī al-dīn al-Kurdī al-Kānimshkānī.</subfield>
  </datafield>
  <datafield tag="246" ind1="3" ind2="0">
    <subfield code="6">880-02</subfield>
    <subfield code="a">Majmūʻat al-rasāʼil</subfield>
  </datafield>
  <datafield tag="260" ind1=" " ind2=" ">
    <subfield code="6">880-03</subfield>
    <subfield code="a">Miṣr :</subfield>
    <subfield code="b">Maṭbaʻat Kurdistān al-ʻIlmīyah,</subfield>
    <subfield code="c">1328 [1910 or 1911]</subfield>
  </datafield>
  <datafield tag="300" ind1=" " ind2=" ">
    <subfield code="a">636 pages ;</subfield>
    <subfield code="c">20 cm</subfield>
  </datafield>
  <datafield tag="336" ind1=" " ind2=" ">
    <subfield code="a">text</subfield>
    <subfield code="b">txt</subfield>
    <subfield code="2">rdacontent</subfield>
  </datafield>
  <datafield tag="337" ind1=" " ind2=" ">
    <subfield code="a">unmediated</subfield>
    <subfield code="b">n</subfield>
    <subfield code="2">rdamedia</subfield>
  </datafield>
  <datafield tag="338" ind1=" " ind2=" ">
    <subfield code="a">volume</subfield>
    <subfield code="b">nc</subfield>
    <subfield code="2">rdacarrier</subfield>
  </datafield>
  <datafield tag="500" ind1=" " ind2=" ">
    <subfield code="a">Contains 31 treatises by Abū Shāmah, Ibn Tūmart, Ibn Sīnā, al-Ghazzālī, and others.</subfield>
  </datafield>
  <datafield tag="500" ind1=" " ind2=" ">
    <subfield code="6">880-04</subfield>
    <subfield code="a">"Al-Ūlá minhā Mukhtaṣar kitāb al-muʼammal lil-radd ilá al-amr al-awwal, taṣnīf ... Abī Shāmah ..."</subfield>
  </datafield>
  <datafield tag="650" ind1="1" ind2="2">
    <subfield code="a">Philosophy.</subfield>
  </datafield>
  <datafield tag="650" ind1=" " ind2="0">
    <subfield code="a">Ethics.</subfield>
  </datafield>
  <datafield tag="650" ind1=" " ind2="0">
    <subfield code="a">Logic.</subfield>
  </datafield>
  <datafield tag="650" ind1=" " ind2="7">
    <subfield code="a">Ethics.</subfield>
    <subfield code="2">fast</subfield>
    <subfield code="0">(OCoLC)fst00915833</subfield>
  </datafield>
  <datafield tag="650" ind1=" " ind2="7">
    <subfield code="a">Logic.</subfield>
    <subfield code="2">fast</subfield>
    <subfield code="0">(OCoLC)fst01002014</subfield>
  </datafield>
  <datafield tag="700" ind1="1" ind2=" ">
    <subfield code="6">880-05</subfield>
    <subfield code="a">Kurdī, Muḥyī al-Dīn.</subfield>
  </datafield>
  <datafield tag="700" ind1="1" ind2="2">
    <subfield code="6">880-06</subfield>
    <subfield code="a">Abū Shāmah, ʻAbd al-Raḥmān ibn Ismāʻīl,</subfield>
    <subfield code="d">1203-1267.</subfield>
    <subfield code="t">Mukhtaṣar kitāb al-muʼammal lil-radd ilá al-amr al-awwal.</subfield>
  </datafield>
  <datafield tag="880" ind1="0" ind2="0">
    <subfield code="6">245-01/r</subfield>
    <subfield code="a">هذه مجموعة الرسائل /</subfield>
    <subfield code="c">[جمعه] محيي الدين الكردي الكانمشكاني.</subfield>
  </datafield>
  <datafield tag="880" ind1="3" ind2="0">
    <subfield code="6">246-02/r</subfield>
    <subfield code="a">مجموعة الرسائل</subfield>
  </datafield>
  <datafield tag="880" ind1=" " ind2=" ">
    <subfield code="6">260-03/r</subfield>
    <subfield code="a">مصر :</subfield>
    <subfield code="b">مطبعة كردستان العلمية,</subfield>
    <subfield code="c">1328 [1910 or 1911]</subfield>
  </datafield>
  <datafield tag="880" ind1=" " ind2=" ">
    <subfield code="6">500-04/r</subfield>
    <subfield code="a">"الاولى منها مختصر كتاب المؤمل للرد الى الامر الاول، تصنيف ... ابي شامة ..."</subfield>
  </datafield>
  <datafield tag="880" ind1="1" ind2=" ">
    <subfield code="6">700-05/r</subfield>
    <subfield code="a">كردي، محيي الدين.</subfield>
  </datafield>
  <datafield tag="880" ind1="1" ind2="2">
    <subfield code="6">700-06/r</subfield>
    <subfield code="a">ابو شامة، عبد الرحمن بن اسماعيل،,</subfield>
    <subfield code="d">1203-1267.</subfield>
    <subfield code="t">مختصر كتاب المؤمل للرد الى الامر الاول.</subfield>
  </datafield>
  <datafield tag="955" ind1=" " ind2=" ">
    <subfield code="b">CU01246127</subfield>
    <subfield code="d">off,glx</subfield>
    <subfield code="e">B740 .M84</subfield>
  </datafield>
</record>
</collection>